@MISC{PCA,
howpublished={https://www.datacamp.com/tutorial/principal-component-analysis-in-python}}

@article{huber2021infrared,
    title={Infrared molecular fingerprinting of blood-based liquid biopsies for the detection of cancer},
    author={Huber, M and Kepesidis, KV and Voronina, L and Fleischmann, F and Fill, E and Hermann, J and Koch, I and Milger-Kneidinger, K and Kolben, T and Schulz, GB and Jokisch, F and Behr, J and Harbeck, N and Reiser, M and Stief, C and Krausz, F and Zigman, M},
    journal={Elife},
    volume={10},
    pages={e68758},
    year={2021},
    publisher={Elife Sciences Publications Limited},
    doi={10.7554/eLife.68758},
    note={PMID: 34696827; PMCID: PMC8547961}
}



@book{bishop2006pattern,
  title={Pattern recognition and machine learning},
  author={Bishop, Christopher M.},
  year={2006},
  publisher={Springer}
}

@article{hearst1998support,
  title={Support vector machines},
  author={Hearst, Marti A. and Dumais, Susan T. and Osuna, Edgar and Platt, John and Scholkopf, Bernhard},
  journal={IEEE Intelligent Systems and their applications},
  volume={13},
  number={4},
  pages={18--28},
  year={1998},
  publisher={IEEE}
}

@book{hosmer2013applied,
  title={Applied logistic regression},
  author={Hosmer Jr, David W. and Lemeshow, Stanley and Sturdivant, Rodney X.},
  year={2013},
  publisher={John Wiley \& Sons}
}

@book{fawcett2006introduction,
  title={An introduction to ROC analysis},
  author={Fawcett, Tom},
  journal={Pattern recognition letters},
  volume={27},
  number={8},
  pages={861--874},
  year={2006},
  publisher={Elsevier}
}

@article{powers2011evaluation,
  title={Evaluation: from precision, recall and F-measure to ROC, informedness, markedness and correlation},
  author={Powers, David M.},
  journal={Journal of Machine Learning Technologies},
  volume={2},
  number={1},
  pages={37--63},
  year={2011}
}

@book{griffiths2007fourier,
  title={Fourier Transform Infrared Spectrometry},
  author={Griffiths, Peter R. and de Haseth, James A.},
  year={2007},
  publisher={John Wiley \& Sons}
}

